
@Article{wangyolo,
  author={Zhong Wang and Lei Wu and Tong Li and Peibei Shi},
  title={{A Smoke Detection Model Based on Improved YOLOv5}},
  journal={Mathematics},
  year=2022,
  volume={10},
  number={7},
  pages={1-13},
  month={April},
  keywords={smoke detection; YOLOv5; dynamic anchor; attention mechanism; loss function},

}

@article{rcnn,
  author    = {Shaoqing Ren and
               Kaiming He and
               Ross B. Girshick and
               Jian Sun},
  title     = {Faster {R-CNN:} Towards Real-Time Object Detection with Region Proposal
               Networks},
  journal   = {CoRR},
  volume    = {abs/1506.01497},
  year      = {2015},

  eprinttype = {arXiv},
  eprint    = {1506.01497},
  timestamp = {Mon, 13 Aug 2018 16:46:02 +0200},
  biburl    = {https://dblp.org/rec/journals/corr/RenHG015.bib},
  bibsource = {dblp computer science bibliography, https://dblp.org}
}

@article{yolo,
  title={Improving yolov5 with attention mechanism for detecting boulders from planetary images},
  author={Zhu, Linlin and Geng, Xun and Li, Zheng and Liu, Chun},
  journal={Remote Sensing},
  volume={13},
  number={18},
  pages={3776},
  year={2021},
  publisher={MDPI}
}

@inproceedings{compare,
  title={Comparison of Faster-RCNN, YOLO, and SSD for real-time vehicle type recognition},
  author={Kim, Jeong-ah and Sung, Ju-Yeong and Park, Se-ho},
  booktitle={2020 IEEE international conference on consumer electronics-Asia (ICCE-Asia)},
  pages={1--4},
  year={2020},
  organization={IEEE}
}


@inproceedings{maaz2022class,
  title={Class-agnostic object detection with multi-modal transformer},
  author={Maaz, Muhammad and Rasheed, Hanoona and Khan, Salman and Khan, Fahad Shahbaz and Anwer, Rao Muhammad and Yang, Ming-Hsuan},
  booktitle={European Conference on Computer Vision},
  pages={512--531},
  year={2022},
  organization={Springer}
}

@misc{garbage-classification-3_dataset,
    title = {GARBAGE CLASSIFICATION 3 Dataset},
    author = {Material Identification},
    journal = {Roboflow Universe},
    publisher = {Roboflow},
    
}